% Encoding: UTF-8

% !!! Зверніть увагу, як заповнюється  джерела, в яких авторів більше ніж один !!!
% !!! Кома після прізвища, а після ініціалів ключове слово "and" !!!

% Книги

@misc{keylessSS,
	author = {Keyless},
	title = {{S}hamir’s {S}ecret {S}haring: {A} beginner’s guide --- keyless.io},
	howpublished = {\url{https://keyless.io/blog/post/a-beginners-guide-to-shamir-s-secret-sharing}},
	year = {2020},
        month = {March}
}

@misc{wikipedia,
	author = {Вікіпедія},
	title = {Розділення секрету},
	url = {https://uk.wikipedia.org/wiki/%D0%A0%D0%BE%D0%B7%D0%B4%D1%96%D0%BB%D0%B5%D0%BD%D0%BD%D1%8F_%D1%81%D0%B5%D0%BA%D1%80%D0%B5%D1%82%D1%83},
	year = {2023}
}

@book{appCrypto,
  title={Applied Cryptography, Second Edition: Protocols, Algorthms, and Source Code in C (cloth)},
  author={Schneier Bruce},
  edition={20},
  year={2015},
  publisher={John Wiley \& Sons, Inc.}
}

@misc{sssCheaters,
	author = {Tompa, M. and Woll, H.},
	title = {How to share a secret with cheaters.},
	url = {https://doi.org/10.1007/BF02252871},
        pages = {133-138},
	year = {1989},
        publisher={J. Cryptology 1}
}

@article{gao1999model,
  title={Model-based adaptive fault detection for a class of uncertain nonlinear systems},
  author={Gao, Zhiqiang and Patton, Ronald J},
  journal={Sadhana},
  volume={24},
  number={4-5},
  pages={425--452},
  year={1999},
  publisher={Springer}
}

@article{fed-autoreg,
  title={Autoregressive Models for Time-Series Analysis},
  author={Federal Reserve Bank of San Francisco},
  journal={Economic Letter},
  volume={2014},
  number={14},
  pages={1--6},
  year={2014}}

@book{koski2001hidden,
  title={Hidden Markov Models for Bioinformatics},
  author={Koski, D. Timo},
  year={2001},
  pages={83--365},
  publisher={CRC Press},
  address={Boca Raton, FL}
}

@book{nilsson2005first,
  title={First Order Hidden Markov Model: Theory and Implementation Issues},
  author={Mikael Nilsson},
  pages={24--33},
  year={2005}
}