% Encoding: UTF-8

% !!! Зверніть увагу, як заповнюється  джерела, в яких авторів більше ніж один !!!
% !!! Кома після прізвища, а після ініціалів ключове слово "and" !!!

% Книги

@article{kar2019general,
  title={General Models for Pseudorandom Number Generators in Smart Cards},
  author={Kar, Rajib and Sur-Kolay, Susmita and Maitra, Subhamoy},
  journal={Journal of Hardware and Systems Security},
  volume={3},
  number={1},
  pages={73--96},
  year={2019},
  publisher={Springer},
  doi={10.1007/s41635-019-00111-5},
  url={https://www.ncbi.nlm.nih.gov/pmc/articles/PMC7180860/}
}
@article{synopsys2019true,
  title={True Random Number Generator Security},
  author={Synopsys},
  journal={Synopsys Technical Bulletin},
  year={2019},
  note={\url{https://www.synopsys.com/designware-ip/technical-bulletin/true-random-number-generator-security-2019q3.html}}
}

@article{pseudorandomSmartCards,
  title={Pseudorandom Number Generation in Smart Cards: An Implementation Performance and Randomness Analysis},
  author={He, Debiao and Luo, Xiong and Chen, Geng and Chen, Chaojing},
  journal={Journal of Signal Processing Systems},
  volume={70},
  number={2},
  pages={197--208},
  year={2013},
  publisher={Springer},
  note={\url{https://www.researchgate.net/publication/235344028_Pseudorandom_Number_Generation_in_Smart_Cards_An_Implementation_Performance_and_Randomness_Analysis}}
}

@online{cryptoSEQuestion,
  title={Are TRNGs used in low-power devices? Why?},
  author={User},
  year={2023},
  url={https://crypto.stackexchange.com/questions/107713/are-trngs-used-in-low-power-devices-why},
  note={Crypto Stack Exchange Question}
}



@article{guajardo2002pseudorandom,
  title={Pseudorandom Number Generation in Smart Cards: An Implementation, Performance, and Randomness Analysis},
  author={Guajardo, Jorge and Kumar, Subidh S and Paar, Christof and Schimmler, Manfred},
  year={2002},
  url={https://www.researchgate.net/publication/235344028_Pseudorandom_Number_Generation_in_Smart_Cards_An_Implementation_Performance_and_Randomness_Analysis}
}


@inproceedings{tunstall2011true,
  title={True Random Number Generator for Smart Cards},
  author={Tunstall, Matthew and Walker, Matthew},
  year={2011},
  url={https://www.semanticscholar.org/paper/True-Random-Number-Generator-for-Smart-Cards-Tunstall-Walker/f62a9da6e78d187ace167f54b78c997faa5ec3c7}
}


@inproceedings{goubin2000true,
  title={True Random Number Generators in Smart Cards},
  author={Goubin, Louis and Patarin, Jacques},
  year={2000},
  url={https://link.springer.com/chapter/10.1007/3-540-44598-6_20}
}

@inproceedings{chmielewski2007true,
  title={A True Random Number Generator for Smart Cards},
  author={Chmielewski, Lukasz and Kryszkiewicz, Marcin},
  year={2007},
  url={https://ieeexplore.ieee.org/document/4221841}
}

@inproceedings{pannetrat2015true,
  title={True Random Number Generator for Smart Cards},
  author={Pannetrat, Amaury and Cunche, Mathieu},
  year={2015},
  url={https://www.researchgate.net/publication/275727841_True_Random_Number_Generator_for_Smart_Cards}
}
